<record><leader>00000cas a2200000 a 4500</leader><controlfield tag="001">753794087</controlfield><controlfield tag="008">110920d1891190uoruwr ne      0    0eng c</controlfield><datafield ind1=" " ind2=" " tag="010"><subfield code="a">  2011260137</subfield></datafield><datafield ind1=" " ind2=" " tag="040"><subfield code="a">ORU</subfield><subfield code="b">eng</subfield><subfield code="c">ORU</subfield><subfield code="d">ORU</subfield><subfield code="d">OCLCQ</subfield><subfield code="d">OCLCF</subfield></datafield><datafield ind1=" " ind2=" " tag="042"><subfield code="a">pcc</subfield></datafield><datafield ind1=" " ind2=" " tag="043"><subfield code="a">n-us-or</subfield></datafield><datafield ind1="0" ind2="0" tag="245"><subfield code="a">West side.</subfield></datafield><datafield ind1=" " ind2=" " tag="260"><subfield code="a">Independence, Or. :</subfield><subfield code="b">West Side Publishing Company,</subfield><subfield code="c">[1891]-</subfield></datafield><datafield ind1="3" ind2=" " tag="260"><subfield code="3">&lt;Apr. 28, 1898-Sept. 12, 1901&gt; :</subfield><subfield code="a">Independence, Or. :</subfield><subfield code="b">Joe A. Brant</subfield></datafield><datafield ind1=" " ind2=" " tag="300"><subfield code="a">volumes</subfield></datafield><datafield ind1=" " ind2=" " tag="310"><subfield code="a">Weekly</subfield></datafield><datafield ind1=" " ind2=" " tag="336"><subfield code="a">text</subfield><subfield code="b">txt</subfield><subfield code="2">rdacontent</subfield></datafield><datafield ind1=" " ind2=" " tag="337"><subfield code="a">unmediated</subfield><subfield code="b">n</subfield><subfield code="2">rdamedia</subfield></datafield><datafield ind1=" " ind2=" " tag="338"><subfield code="a">volume</subfield><subfield code="b">nc</subfield><subfield code="2">rdacarrier</subfield></datafield><datafield ind1=" " ind2=" " tag="525"><subfield code="a">Some issues include supplements.</subfield></datafield><datafield ind1=" " ind2=" " tag="588"><subfield code="a">Description based on: Vol. 8, no. 39 (Aug. 7, 1891); title from masthead.</subfield></datafield><datafield ind1=" " ind2=" " tag="588"><subfield code="a">Latest issue consulted: Vol. 18, no. 980 (Sept. 12, 1901).</subfield></datafield><datafield ind1=" " ind2="0" tag="651"><subfield code="a">Polk County (Or.)</subfield><subfield code="v">Newspapers.</subfield></datafield><datafield ind1=" " ind2="0" tag="651"><subfield code="a">Independence (Or.)</subfield><subfield code="v">Newspapers.</subfield></datafield><datafield ind1=" " ind2="7" tag="655"><subfield code="a">Newspapers.</subfield><subfield code="2">fast</subfield><subfield code="0">(OCoLC)fst01423814</subfield></datafield><datafield ind1=" " ind2="7" tag="651"><subfield code="a">Oregon</subfield><subfield code="z">Independence.</subfield><subfield code="2">fast</subfield><subfield code="0">(OCoLC)fst01231154</subfield></datafield><datafield ind1=" " ind2="7" tag="651"><subfield code="a">Oregon</subfield><subfield code="z">Polk County.</subfield><subfield code="2">fast</subfield><subfield code="0">(OCoLC)fst01214604</subfield></datafield><datafield ind1=" " ind2=" " tag="752"><subfield code="a">United States</subfield><subfield code="b">Oregon</subfield><subfield code="c">Polk</subfield><subfield code="d">Independence.</subfield></datafield><datafield ind1="0" ind2="0" tag="780"><subfield code="t">Independence west side</subfield><subfield code="w">(DLC)  2011260136</subfield><subfield code="w">(OCoLC)753794083</subfield></datafield><datafield ind1="1" ind2="7" tag="785"><subfield code="t">Independence enterprise</subfield><subfield code="w">(DLC)sn 96088097</subfield><subfield code="w">(OCoLC)37460720</subfield></datafield><datafield ind1="1" ind2="7" tag="785"><subfield code="t">Independence enterprise and west side</subfield><subfield code="w">(DLC)sn 96088098</subfield><subfield code="w">(OCoLC)37460729</subfield></datafield></record>